%! Author = Jens
%! Date = 27/05/2021

