@article{JSScondori2018,
title = "Characterizing the contribution of quality requirements to software sustainability",
keywords = "Quality requirements, Software-intensive systems, Survey, Sustainability",
author = "Nelly Condori-Fernandez and Patricia Lago",
year = "2018",
month = "3",
day = "1",
doi = "10.1016/j.jss.2017.12.005",
language = "English",
volume = "137",
pages = "289--305",
journal = "Journal of Systems and Software",
issn = "0164-1212",
publisher = "Elsevier Inc.",
}

@inproceedings{kalia2014using,
    title={Using RDMA efficiently for key-value services},
    author={Kalia, Anuj and Kaminsky, Michael and Andersen, David G},
    booktitle={Proceedings of the 2014 ACM Conference on SIGCOMM},
    pages={295--306},
    year={2014}
}

@inproceedings{chen2019scalable,
    title={Scalable rdma rpc on reliable connection with efficient resource sharing},
    author={Chen, Youmin and Lu, Youyou and Shu, Jiwu},
    booktitle={Proceedings of the Fourteenth EuroSys Conference 2019},
    pages={1--14},
    year={2019}
}

@inproceedings{kalia2016design,
    title={Design guidelines for high performance $\{$RDMA$\}$ systems},
    author={Kalia, Anuj and Kaminsky, Michael and Andersen, David G},
    booktitle={2016 $\{$USENIX$\}$ Annual Technical Conference ($\{$USENIX$\}$$\{$ATC$\}$ 16)},
    pages={437--450},
    year={2016}
}

@inproceedings{lim2014mica,
    title={$\{$MICA$\}$: A holistic approach to fast in-memory key-value storage},
    author={Lim, Hyeontaek and Han, Dongsu and Andersen, David G and Kaminsky, Michael},
    booktitle={11th $\{$USENIX$\}$ Symposium on Networked Systems Design and Implementation ($\{$NSDI$\}$ 14)},
    pages={429--444},
    year={2014}
}

@article{hanford2018survey,
    title={A survey of end-system optimizations for high-speed networks},
    author={Hanford, Nathan and Ahuja, Vishal and Farrens, Matthew K and Tierney, Brian and Ghosal, Dipak},
    journal={ACM Computing Surveys (CSUR)},
    volume={51},
    number={3},
    pages={1--36},
    year={2018},
    publisher={ACM New York, NY, USA}
}

@inproceedings{geambasu2010comet,
    title={Comet: An active distributed key-value store.},
    author={Geambasu, Roxana and Levy, Amit A and Kohno, Tadayoshi and Krishnamurthy, Arvind and Levy, Henry M},
    booktitle={OSDI},
    pages={323--336},
    year={2010}
}

@inproceedings{mitchell2013using,
    title={Using One-Sided $\{$RDMA$\}$ Reads to Build a Fast, CPU-Efficient Key-Value Store},
    author={Mitchell, Christopher and Geng, Yifeng and Li, Jinyang},
    booktitle={2013 $\{$USENIX$\}$ Annual Technical Conference ($\{$USENIX$\}$$\{$ATC$\}$ 13)},
    pages={103--114},
    year={2013}
}

@inproceedings{escriva2012hyperdex,
    title={HyperDex: A distributed, searchable key-value store},
    author={Escriva, Robert and Wong, Bernard and Sirer, Emin G{\"u}n},
    booktitle={Proceedings of the ACM SIGCOMM 2012 conference on Applications, technologies, architectures, and protocols for computer communication},
    pages={25--36},
    year={2012}
}

@inproceedings{atikoglu2012workload,
    title={Workload analysis of a large-scale key-value store},
    author={Atikoglu, Berk and Xu, Yuehai and Frachtenberg, Eitan and Jiang, Song and Paleczny, Mike},
    booktitle={Proceedings of the 12th ACM SIGMETRICS/PERFORMANCE joint international conference on Measurement and Modeling of Computer Systems},
    pages={53--64},
    year={2012}
}

@article{decandia2007dynamo,
    title={Dynamo: Amazon's highly available key-value store},
    author={DeCandia, Giuseppe and Hastorun, Deniz and Jampani, Madan and Kakulapati, Gunavardhan and Lakshman, Avinash and Pilchin, Alex and Sivasubramanian, Swaminathan and Vosshall, Peter and Vogels, Werner},
    journal={ACM SIGOPS operating systems review},
    volume={41},
    number={6},
    pages={205--220},
    year={2007},
    publisher={ACM New York, NY, USA}
}

@inproceedings{kalia2016fasst,
    title={Fasst: Fast, scalable and simple distributed transactions with two-sided ($\{$RDMA$\}$) datagram rpcs},
    author={Kalia, Anuj and Kaminsky, Michael and Andersen, David G},
    booktitle={12th $\{$USENIX$\}$ Symposium on Operating Systems Design and Implementation ($\{$OSDI$\}$ 16)},
    pages={185--201},
    year={2016}
}

@article{dragojevic2017rdma,
    title={Rdma reads: To use or not to use?},
    author={Dragojevic, Aleksandar and Narayanan, Dushyanth and Castro, Miguel},
    journal={IEEE Data Eng. Bull.},
    volume={40},
    number={1},
    pages={3--14},
    year={2017},
    publisher={Citeseer}
}

@inproceedings{iosup2019atlarge,
    title={The atLarge vision on the design of distributed systems and ecosystems},
    author={Iosup, Alexandru and Versluis, Laurens and Trivedi, Animesh and Van Eyk, Erwin and Toader, Lucian and Van Beek, Vincent and Frascaria, Giulia and Musaafir, Ahmed and Talluri, Sacheendra},
    booktitle={2019 IEEE 39th International Conference on Distributed Computing Systems (ICDCS)},
    pages={1765--1776},
    year={2019},
    organization={IEEE}
}

@article{hamming1998art,
    title={The Art of Doing Science and Engineering: Learning to Learn},
    author={Hamming, Richard W and Pinkham, Roger},
    journal={Mathematical Intelligencer},
    volume={20},
    number={3},
    pages={60},
    year={1998},
    publisher={Berlin; New York: Springer-Verlag,[c1978-}
}

@article{peffers2007design,
    title={A design science research methodology for information systems research},
    author={Peffers, Ken and Tuunanen, Tuure and Rothenberger, Marcus A and Chatterjee, Samir},
    journal={Journal of management information systems},
    volume={24},
    number={3},
    pages={45--77},
    year={2007},
    publisher={Taylor \& Francis}
}

@book{jain1990art,
    title={The art of computer systems performance analysis: techniques for experimental design, measurement, simulation, and modeling},
    author={Jain, Raj},
    year={1990},
    publisher={john wiley \& sons}
}

@article{ousterhout2018always,
    title={Always measure one level deeper},
    author={Ousterhout, John},
    journal={Communications of the ACM},
    volume={61},
    number={7},
    pages={74--83},
    year={2018},
    publisher={ACM New York, NY, USA}
}

@misc{heiser2010,
    title={Systems Benchmarking Crimes},
    author = {Heiser, Gernot},
    howpublished = {https://www.cse.unsw.edu.au/~gernot/benchmarking-crimes.html},
    year = {2010},
    note = {"Online: accessed 28 May 2021"},
}

@article{ousterhout2010case,
    title={The case for RAMClouds: scalable high-performance storage entirely in DRAM},
    author={Ousterhout, John and Agrawal, Parag and Erickson, David and Kozyrakis, Christos and Leverich, Jacob and Mazi{\`e}res, David and Mitra, Subhasish and Narayanan, Aravind and Parulkar, Guru and Rosenblum, Mendel and others},
    journal={ACM SIGOPS Operating Systems Review},
    volume={43},
    number={4},
    pages={92--105},
    year={2010},
    publisher={ACM New York, NY, USA}
}

@misc{memcached,
    title={memcached: free & open source, high-performance, distributed memory object caching system},
    year = {2003},
    howpublished = {http://memcached.org},
    note = {Online: accessed 28 May 2021}
}

@article{pagh2004cuckoo,
    title={Cuckoo hashing},
    author={Pagh, Rasmus and Rodler, Flemming Friche},
    journal={Journal of Algorithms},
    volume={51},
    number={2},
    pages={122--144},
    year={2004},
    publisher={Elsevier}
}
